@inproceedings{safehaskell,
  title={Safe haskell},
  author={Terei, David and Marlow, Simon and Peyton Jones, Simon and Mazi{\`e}res, David},
  booktitle={ACM SIGPLAN Notices},
  volume={47},
  number={12},
  pages={137--148},
  year={2012},
  organization={ACM}
}
